%% report.bib - contains BiBtex input for bibliography

@inproceedings{guo2008pulmonary,
  title={Pulmonary Analysis Software Suite 9.0: Integrating quantitative measures of function with structural analyses},
  author={Guo, J and Fuld, MK and Alford, SK and Reinhardt, JM and Hoffman, EA},
  booktitle={First International Workshop on Pulmonary Image Analysis},
  pages={283--292},
  year={2008}
}

@article{wei2009segmentation,
  title={Segmentation of lung lobes in high-resolution isotropic CT images},
  author={Wei, Qiao and Hu, Yaoping and Gelfand, Gary and Macgregor, John H},
  journal={IEEE Transactions on Biomedical Engineering},
  volume={56},
  number={5},
  pages={1383--1393},
  year={2009},
  publisher={IEEE}
}

@article{lee1997scattered,
  title={Scattered data interpolation with multilevel B-splines},
  author={Lee, Seungyong and Wolberg, George and Shin, Sung Yong},
  journal={IEEE Transactions on Visualization and Computer Graphics},
  volume={3},
  number={3},
  pages={228--244},
  year={1997},
  publisher={IEEE}
}

@article{bradley1997geometric,
  title={Geometric modeling of the human torso using cubic hermite elements},
  author={Bradley, CP and Pullan, AJ and Hunter, PJ},
  journal={Annals of Biomedical Engineering},
  volume={25},
  number={1},
  pages={96--111},
  year={1997},
  publisher={Springer}
}

@article{tawhai2003developing,
  title={Developing integrative computational models of pulmonary structure},
  author={Tawhai, Merryn H and Burrowes, Kelly S},
  journal={The Anatomical Record},
  volume={275},
  number={1},
  pages={207--218},
  year={2003},
  publisher={Wiley Online Library}
}

@article{cootes1995active,
  title={Active shape models - their training and application},
  author={Cootes, Timothy F and Taylor, Christopher J and Cooper, David H and Graham, Jim},
  journal={Computer Vision and Image Understanding},
  volume={61},
  number={1},
  pages={38--59},
  year={1995},
  publisher={Elsevier}
}


@article{ross2013pulmonary,
  title={Pulmonary lobe segmentation based on ridge surface sampling and shape model fitting},
  author={Ross, James C and Kindlmann, Gordon L and Okajima, Yuka and Hatabu, Hiroto and D{\'\i}az, Alejandro A and Silverman, Edwin K and Washko, George R and Dy, Jennifer and Est{\'e}par, Ra{\'u}l San Jos{\'e}},
  journal={Medical Physics},
  volume={40},
  number={12},
  year={2013},
  publisher={Wiley Online Library}
}

@article{van2008supervised,
  title={Supervised enhancement filters: Application to fissure detection in chest CT scans},
  author={van Rikxoort, Eva M and van Ginneken, Bram and Klik, Mark and Prokop, Mathias},
  journal={IEEE Transactions on Medical Imaging},
  volume={27},
  number={1},
  pages={1--10},
  year={2008},
  publisher={IEEE}
}

@article{ochs2007automated,
  title={Automated classification of lung bronchovascular anatomy in CT using AdaBoost},
  author={Ochs, Robert A and Goldin, Jonathan G and Abtin, Fereidoun and Kim, Hyun J and Brown, Kathleen and Batra, Poonam and Roback, Donald and McNitt-Gray, Michael F and Brown, Matthew S},
  journal={Medical Image Analysis},
  volume={11},
  number={3},
  pages={315--324},
  year={2007},
  publisher={Elsevier}
}

@inproceedings{wiemker2005unsupervised,
  title={Unsupervised extraction of the pulmonary interlobar fissures from high resolution thoracic CT data},
  author={Wiemker, Rafael and B{\"u}low, Thomas and Blaffert, Thomas},
  booktitle={International Congress Series},
  volume={1281},
  pages={1121--1126},
  year={2005},
  organization={Elsevier}
}

@inproceedings{frangi1998multiscale,
  title={Multiscale vessel enhancement filtering},
  author={Frangi, Alejandro F and Niessen, Wiro J and Vincken, Koen L and Viergever, Max A},
  booktitle={International Conference on Medical Image Computing and Computer-Assisted Intervention},
  pages={130--137},
  year={1998},
  organization={Springer}
}

@article{lassen2013automatic,
  title={Automatic segmentation of the pulmonary lobes from chest CT scans based on fissures, vessels, and bronchi},
  author={Lassen, Bianca and van Rikxoort, Eva M and Schmidt, Michael and Kerkstra, Sjoerd and van Ginneken, Bram and Kuhnigk, Jan-Martin},
  journal={IEEE Transactions on Medical Imaging},
  volume={32},
  number={2},
  pages={210--222},
  year={2013},
  publisher={IEEE}
}

@inproceedings{zhou2004automatic,
  title={Automatic recognition of lung lobes and fissures from multislice CT images},
  author={Zhou, Xiangrong and Hayashi, Tatsuro and Hara, Takeshi and Fujita, Hiroshi and Yokoyama, Ryujiro and Kiryu, Takuji and Hoshi, Hiroaki},
  booktitle={Medical Imaging 2004: Image Processing},
  volume={5370},
  pages={1629--1634},
  year={2004},
  organization={International Society for Optics and Photonics}
}

@inproceedings{lassen2010automatic,
  title={Automatic segmentation of lung lobes in CT images based on fissures, vessels, and bronchi},
  author={Lassen, Bianca and Kuhnigk, Jan-Martin and Friman, Ola and Krass, Stefan and Peitgen, Heinz-Otto},
  booktitle={Biomedical Imaging: From Nano to Macro, 2010 IEEE International Symposium on},
  pages={560--563},
  year={2010},
  organization={IEEE}
}

@article{pu2009computational,
  title={A computational geometry approach to automated pulmonary fissure segmentation in CT examinations},
  author={Pu, Jiantao and Leader, Joseph K and Zheng, Bin and Knollmann, Friedrich and Fuhrman, Carl and Sciurba, Frank C and Gur, David},
  journal={IEEE Transactions on Medical Imaging},
  volume={28},
  number={5},
  pages={710--719},
  year={2009},
  publisher={IEEE}
}

@article{saita2006algorithm,
  title={An algorithm for the extraction of pulmonary fissures from low-dose multislice CT image},
  author={Saita, Shinsuke and Kubo, Mitsuru and Kawata, Yoshiki and Niki, Noboru and Ohmatsu, Hironobu and Moriyama, Noriyuki},
  journal={Systems and Computers in Japan},
  volume={37},
  number={9},
  pages={63--76},
  year={2006},
  publisher={Wiley Online Library}
}

@article{kuhnigk2005informatics,
  title={Informatics in Radiology (infoRAD): New Tools for Computer Assistance in Thoracic CT. Part 1. Functional Analysis of Lungs},
  author={Kuhnigk, JM and Dicken, V and Zidowitz, S and Bornemann, L and Kuemmerlen, B and Krass, S and Peitgen, H and Yuval, S and Jend, H and Rau, WS and others},
  journal={Lung Lobes, and Bronchopulmonary Segments. RadioGraphics 2005; 25: 525},
  volume={536},
  year={2005}
}

@article{wang2009automated,
  title={Automated segmentation of lungs with severe interstitial lung disease in CT},
  author={Wang, Jiahui and Li, Feng and Li, Qiang},
  journal={Medical Physics},
  volume={36},
  number={10},
  pages={4592--4599},
  year={2009},
  publisher={Wiley Online Library}
}

@article{pu2008adaptive,
  title={Adaptive border marching algorithm: automatic lung segmentation on chest CT images},
  author={Pu, Jiantao and Roos, Justus and Chin, A Yi and Napel, Sandy and Rubin, Geoffrey D and Paik, David S},
  journal={Computerized Medical Imaging and Graphics},
  volume={32},
  number={6},
  pages={452--462},
  year={2008},
  publisher={Elsevier}
}


@article{sun20063d,
  title={3D computerized segmentation of lung volume with computed tomography},
  author={Sun, Xuejun and Zhang, Haibo and Duan, Huichuan},
  journal={Academic Radiology},
  volume={13},
  number={6},
  pages={670--677},
  year={2006},
  publisher={Elsevier}
}

@article{hu2001automatic,
  title={Automatic lung segmentation for accurate quantitation of volumetric X-ray CT images},
  author={Hu, Shiying and Hoffman, Eric A and Reinhardt, Joseph M},
  journal={IEEE Transactions on Medical Imaging},
  volume={20},
  number={6},
  pages={490--498},
  year={2001},
  publisher={IEEE}
}

@inproceedings{lassen2011interactive,
  title={Interactive lung lobe segmentation and correction in tomographic images},
  author={Lassen, Bianca and Kuhnigk, Jan-Martin and Van Rikxoort, Eva M and Peitgen, Heinz-Otto},
  booktitle={Medical Imaging 2011: Computer-Aided Diagnosis},
  volume={7963},
  pages={79631S},
  year={2011},
  organization={International Society for Optics and Photonics}
}

@article{lin2015combined,
  title={Combined pulmonary fibrosis and emphysema (CPFE): an entity different from emphysema or pulmonary fibrosis alone},
  author={Lin, Huijin and Jiang, Shanping},
  journal={Journal of Thoracic Disease},
  volume={7},
  number={4},
  pages={767},
  year={2015},
  publisher={AME Publications}
}

@article{rees2007silica,
  title={Silica, silicosis and tuberculosis [State of the Art Series. Occupational lung disease in high-and low-income countries, Edited by M. Chan-Yeung. Number 4 in the series]},
  author={Rees, David and Murray, Jill},
  journal={The International Journal of Tuberculosis and Lung Disease},
  volume={11},
  number={5},
  pages={474--484},
  year={2007},
  publisher={International Union Against Tuberculosis and Lung Disease}
}

@article{leung1999pulmonary,
  title={Pulmonary tuberculosis: the essentials},
  author={Leung, Ann N},
  journal={Radiology},
  volume={210},
  number={2},
  pages={307--322},
  year={1999},
  publisher={Radiological Society of North America}
}

@article{jeffery1998structural,
  title={Structural and inflammatory changes in COPD: a comparison with asthma},
  author={Jeffery, Peter K},
  journal={Thorax},
  volume={53},
  number={2},
  pages={129},
  year={1998},
  publisher={BMJ Group}
}

@article{ukil2009anatomy,
  title={Anatomy-guided lung lobe segmentation in X-ray CT images},
  author={Ukil, Soumik and Reinhardt, Joseph M},
  journal={IEEE Transactions on Medical Imaging},
  volume={28},
  number={2},
  pages={202--214},
  year={2009},
  publisher={IEEE}
}

@article{van2010automatic,
  title={Automatic segmentation of pulmonary lobes robust against incomplete fissures},
  author={Van Rikxoort, Eva M and Prokop, Mathias and de Hoop, Bartjan and Viergever, Max A and Pluim, Josien PW and van Ginneken, Bram},
  journal={IEEE Transactions on Medical Imaging},
  volume={29},
  number={6},
  pages={1286--1296},
  year={2010},
  publisher={IEEE}
}

@inproceedings{kitasaka2006recognition,
  title={Recognition of lung lobes and its application to the bronchial structure analysis},
  author={Kitasaka, Takayuki and Nakada, Yuichi and Mori, Kensaku and Suenaga, Yasuhito and Mori, Masaki and Takabatake, Hirotsugu and Natori, Hiroshi},
  booktitle={Pattern Recognition, 2006. ICPR 2006. 18th International Conference on},
  volume={3},
  pages={288--291},
  year={2006},
  organization={IEEE}
}

@inproceedings{ross2010automatic,
  title={Automatic lung lobe segmentation using particles, thin plate splines, and maximum a posteriori estimation},
  author={Ross, James C and Est{\'e}par, Ra{\'u}l San Jos{\'e} and Kindlmann, Gordon and D{\'\i}az, Alejandro and Westin, Carl-Fredrik and Silverman, Edwin K and Washko, George R},
  booktitle={International Conference on Medical Image Computing and Computer-Assisted Intervention},
  pages={163--171},
  year={2010},
  organization={Springer}
}

@article{gulsun2006variability,
  title={Variability of the pulmonary oblique fissures presented by high-resolution computed tomography},
  author={G{\"u}ls{\"u}n, Meltem and Ar{\i}y{\"u}rek, O Macit and C{\"o}mert, R Bar{\i}{\c{s}} and Karabulut, Nevzat},
  journal={Surgical and Radiologic Anatomy},
  volume={28},
  number={3},
  pages={293--299},
  year={2006},
  publisher={Springer}
}

@article{ukil2005smoothing,
  title={Smoothing Lung Segmentation Surfaces in Three-dimensional X-ray CT Images Using Anatomic Guidance1},
  author={Ukil, Soumik and Reinhardt, Joseph M},
  journal={Academic Radiology},
  volume={12},
  number={12},
  pages={1502--1511},
  year={2005},
  publisher={Elsevier}
}

@article{sun2012automated,
  title={Automated 3-D segmentation of lungs with lung cancer in CT data using a novel robust active shape model approach},
  author={Sun, Shanhui and Bauer, Christian and Beichel, Reinhard},
  journal={IEEE Transactions on Medical Imaging},
  volume={31},
  number={2},
  pages={449--460},
  year={2012},
  publisher={IEEE}
}

@inproceedings{doel2012pulmonary,
  title={Pulmonary lobe segmentation from CT images using fissureness, airways, vessels and multilevel B-splines},
  author={Doel, Tom and Matin, Tahreema N and Gleeson, Fergus V and Gavaghan, David J and Grau, Vicente},
  booktitle={Biomedical Imaging (ISBI), 2012 9th IEEE International Symposium on},
  pages={1491--1494},
  year={2012},
  organization={IEEE}
}

@book{Alred03, 
	author = "G. J. Alred and C. T. Brusaw and W. E. Oliu", 
	title  = "Handbook of Technical Writing", 
	publisher= "St. Martin's", 
	address= "New York", 
	year   = "2015 (eleventh edition)"	}
	
@book{Goossens97, 
	author = "Michel Goossens and Frank Mittelbach and Sebastian Rahtz", 
	title  = "The LaTeX Companion", 
	publisher= "Addison-Wesley", 
	address= "Reading, Mass.", 
	year   = "1997"	} 

@book{Mittelbach04, 
	author = "Frank Mittelbach and Michel Goossens and Johannes Braams and David Carlisle", 
	title  = "The LaTeX Companion", 
	publisher= "Addison-Wesley", 
	address= "Reading, Mass.",
	edition= "second", 
	year   = "2004"	} 

@incollection{Gull89a, 
	author = "S. F. Gull", 
	title  = "Developments in maximum-entropy data analysis", 
	booktitle= " Maximum Entropy and Bayesian Methods", 
	editor = "J. Skilling", 
	pages  = "53-71 ", 
	publisher= "Kluwer Academic",
	address= "Dordrecht", 
	year   = "1989"	} 
 
@inproceedings{Hanson93c, 
	author = "K. M. Hanson", 
	title  = "Introduction to {B}ayesian image analysis", 
	booktitle= "Medical Imaging:\ Image Processing",
	editor = "M.\ H. Loew",
	series = "Proc. SPIE", 
	volume = "1898",
	pages  = "716-731", 
	year   = "1993"	} 

@book{Lamport94, 
	author = "L. Lamport", 
	title  = "LaTeX: A Document Preparation System", 
	publisher= "Addison-Wesley", 
	address= "Reading, Mass.", 
	year   = "1994"	}

@article{Metropolis53, 
	author = "N. Metropolis and A. W. Rosenbluth and M. N. Rosenbluth and A. H. Teller and E. Teller", 
	title  = "Equations of state calculations by fast computing machine", 
	journal= "J. Chem. Phys.",  
	volume = "21", 
	pages  = "1087-1091", 
	year   = "1953"	} 

@book{Perelman97, 
	author = "L. C. Perelman and J. Paradis and E. Barrett", 
	title  = "Mayfield Handbook of Technical and Scientific Writing", 
	publisher= "Mountain View", 
	address= "Mayfield",
	month  = "April", 
	year   = "1997",
	note = "http://mit.imoat.net/handbook/"	}
    
@misc{Lees-Miller-LaTeX-course-1,
    author = {John D Lees-Miller},
    title = {{Free and Interactive Online Introduction to LaTeX}},
    howpublished = "Overleaf, 26 February 2015  \url{https://www.overleaf.com/latex/learn/free-online-introduction-to-latex-part-1}", 
    note = "(Accessed: 15 September 2015)" }